3309 4642
1191 343 1378 400 THE
1434 345 1619 400 ELE
1633 344 1945 401 VENTH
2000 344 2245 402 ELEG
2262 344 2319 400 Y

653 554 769 600 me
822 555 1054 624 neque
1110 555 1454 603 censurae
1503 533 1747 625 legem
1800 532 2120 604 mollisse
2173 556 2307 602 nec
2359 533 2509 604 ulla

751 648 914 718 labe
967 672 1131 719 mea
1181 657 1464 720 vestros
1519 648 1897 720 erubuisse
1949 648 2172 720 focos.

653 846 819 918 Non
871 847 1032 918 fuit·
1070 848 1356 920 exuviis
1407 848 1640 920 tantis
1693 849 2031 920 Cornelia
2083 849 2472 920 damnum:

753 964 930 1057 quin
983 971 1142 1035 erat
1194 972 1269 1035 et
1318 989 1628 1060 magnae
1684 989 1852 1059 pars
1906 963 2265 1036 imitanda
2316 966 2597 1036 domus,

652 1163 803 1234 Nec
856 1188 1020 1234 mea
1072 1172 1362 1235 mutata
1415 1174 1527 1235 est
1579 1173 1804 1254 aetas,
1850 1164 2003 1236 sine
2053 1164 2354 1235 crimine
2400 1171 2560 1235 tota
2601 1173 2751 1235 est:
2874 1186 2941 1235 45

749 1279 1072 1350 viximus
1124 1280 1446 1374 insignes
1501 1280 1693 1351 inter
1743 1288 2131 1374 utramque
2186 1279 2444 1351 facem.

650 1479 760 1551 Mi
809 1490 1075 1551 natura
1129 1480 1329 1551 dedit
1381 1481 1577 1575 leges
1629 1505 1675 1551 a
1728 1481 2081 1574 sanguine
2134 1481 2411 1568 ductaS‚

749 1622 840 1668 ne
894 1621 1178 1690 possem
1231 1597 1487 1668 melior
1542 1596 1798 1668 iudicis
1852 1621 2005 1667 esse
2057 1605 2283 1667 metu.

649 1797 1030 1880 Quaelibet
1083 1804 1413 1868 austeras
1468 1797 1554 1867 de
1609 1821 1727 1866 me
1778 1795 1972 1867 ferat
2022 1820 2207 1867 urna
2259 1797 2607 1867 tabellas:

747 1913 1029 2007 turpior
1081 1937 1367 1984 assessu
1418 1938 1568 1984 non
1621 1911 1762 1982 erit
1813 1913 1966 1983 ulla
2017 1937 2203 2000 mec,
2743 1939 2747 1946 ·
2876 1936 2939 1984 50

645 2114 764 2184 vel
815 2122 920 2202 tn,
977 2137 1160 2206 quae
1215 2114 1501 2184 tardam
1557 2112 1859 2183 movisti
1909 2112 2085 2183 fune
2140 2112 2506 2205 Cybeben,

747 2230 1071 2318 Claudia,
1127 2229 1440 2301 turritae
1493 2253 1662 2300 rara
1716 2229 2053 2299 ministra
2106 2229 2300 2315 deae,

644 2432 762 2501 Vel
815 2431 950 2519 cui,
1008 2431 1430 2502 commissos
1483 2454 1650 2500 cum
1704 2429 1933 2500 Vesta
1987 2436 2392 2522 reposceret
2445 2428 2672 2521 igneS‚

746 2547 1077 2619 exhibuit
1129 2546 1338 2617 vivos
1391 2548 1731 2617 carbasus
1786 2547 1953 2616 alba
2004 2545 2224 2616 focos.

646 2747 797 2818 Nec
849 2755 948 2834 te,
987 2746 1194 2817 dulce
1248 2753 1489 2840 caput,
1528 2753 1766 2816 mater
1820 2743 2221 2832 Scribonia,
2258 2722 2474 2815 laesi:
2873 2767 2939 2815 55

743 2864 821 2933 in
875 2887 994 2934 me
1046 2872 1416 2935 mutatum
1469 2847 1645 2956 quid
1698 2862 1840 2932 nisi
1890 2860 2050 2931 fata
2100 2860 2337 2930 velis?

647 3063 1006 3135 Maternis
1058 3065 1316 3135 laudor
1366 3061 1688 3132 lacrimis
1741 3061 2082 3153 urbisque
2138 3059 2500 3154 querelliS,

701 3273 716 3288 ,
746 3180 1046 3252 defensa
1097 3189 1171 3250 et
1224 3179 1506 3273 gemitu
1559 3177 1889 3248 Caesaris
1943 3201 2105 3246 ossa
2159 3201 2341 3247 mea.

646 3380 783 3453 Ille
837 3405 967 3452 sua
1018 3387 1196 3449 nata
1250 3378 1549 3472 dignam
1600 3376 1873 3447 vixisse
1930 3400 2251 3446 sororem
2922 3471 2929 3476 Ι

746 3497 1097 3589 increpat,
1152 3503 1225 3566 et
1276 3494 1613 3564 lacrimas
1667 3493 1985 3564 vidimus
2039 3492 2141 3564 ire
2196 3493 2349 3563 deo.
2868 3510 2937 3562 60

647 3687 744 3757 Et
795 3693 1046 3758 tamen
1100 3683 1377 3756 emerui
1428 3708 1815 3778 generosos
1868 3671 2093 3756 vestis
2145 3682 2479 3770 honoreS‚

746 3827 878 3874 nec
931 3826 1095 3873 mea
1149 3801 1236 3872 de
1292 3800 1523 3871 sterili
1575 3799 1777 3871 facta
1832 3800 2089 3893 rapina
2142 3796 2378 3868 domo.
