3309 4642
604 449 692 512 10

1279 455 1467 511 THE
1525 453 1709 510 ELE
1722 453 1906 511 VEN
1904 453 2033 510 ΤΗ
2086 453 2333 512 ELEG
2350 453 2411 510 Y

704 640 846 714 Seu
895 651 1148 713 tamen
1201 642 1590 713 adversum
1643 641 1951 712 mutarit
2004 641 2225 712 ianua
2276 643 2572 728 lectum,

805 757 1070 829 sederit
1122 766 1196 829 et
1245 767 1498 830 nostro
1553 765 1769 829 cauta
1821 781 2135 829 noverca
2184 766 2370 843 tore,

703 955 1148 1051 coniugium,
1201 956 1429 1050 pueri,
1482 957 1780 1028 laudate
1833 964 1907 1028 et
1958 954 2145 1028 ferte
2200 964 2624 1050 paternum:

802 1080 1018 1166 capta
1069 1071 1272 1144 dabit
1324 1073 1586 1144 vestris
1638 1073 1961 1144 moribus
2014 1072 2141 1142 illa
2192 1097 2477 1144 manus,

701 1271 853 1344 Nec
904 1281 1217 1371 matrem
1271 1272 1564 1343 laudate
1618 1272 1873 1345 nimis:
1930 1273 2195 1344 collata
2246 1265 2471 1367 pi‘iori

801 1396 1041 1461 vertet
1095 1389 1170 1459 in
1225 1388 1541 1461 offensas
1594 1389 1821 1460 libera
1874 1389 2097 1460 verba
2150 1413 2339 1460 suas,

705 1588 844 1662 Seu
897 1613 1175 1660 memor
1228 1588 1351 1660 ille
1406 1613 1569 1660 mea
1622 1594 2011 1659 contentus
2064 1587 2419 1658 manserit
2470 1589 2730 1659 umbra

803 1712 876 1776 et
928 1705 1122 1776 tanti
1174 1703 1448 1776 cineres
1502 1703 1798 1776 duxerit
1850 1727 2005 1774 esse
2056 1727 2280 1793 meOS‚

703 1903 957 1974 discite
1010 1910 1400 1974 venturam
1456 1902 1604 1974 iam
1655 1925 1853 1972 nunc
1906 1901 2173 1973 sentire
2228 1910 2619 1988 senectam,

803 2018 1096 2091 caelibis
1151 2019 1243 2088 ad
1296 2043 1502 2090 curas
1558 2043 1689 2089 nec
1740 2024 1952 2089 vacet
2006 2018 2157 2090 ulla
2208 2017 2353 2087 via.

701 2218 911 2303 Quod
939 2217 1123 2289 mihi
1150 2217 1560 2288 detractum
1591 2229 1725 2303 est,
1754 2226 2036 2289 vestros
2065 2216 2362 2289 accedat
2390 2216 2482 2287 ad
2512 2241 2781 2288 annos:

801 2335 1002 2430 prole
1055 2359 1219 2406 mea
1271 2334 1611 2406 Paullum
1667 2334 1765 2404 sic
1818 2333 2021 2404 iuvet
2074 2335 2226 2405 esse
2282 2357 2552 2405 senem.

700 2535 798 2609 Et
831 2537 1013 2608 bene
1048 2535 1310 2606 habet:
1367 2557 1772 2626 numquam
1809 2541 2047 2604 mater
2095 2533 2431 2627 lugubria
2468 2533 2781 2626 sumpsi:

799 2652 1006 2724 venit
1059 2651 1136 2722 in
1189 2650 1530 2744 exequias
1583 2657 1745 2720 tota
1799 2659 2093 2721 caterva
2144 2674 2366 2720 meas.

701 2851 940 2924 Causa
991 2858 1330 2944 perorata
1384 2857 1514 2920 est.
1621 2849 1913 2920 Flentes
1966 2873 2082 2919 me
2136 2848 2434 2942 surgite,
2489 2856 2734 2937 testeS,
2819 2845 2826 2852 ’

802 2968 977 3040 dum
1029 2967 1349 3062 pretium
1398 2966 1600 3037 vitae
1653 2973 1868 3060 grata
1921 2964 2253 3059 rependit
2307 2964 2595 3035 humuS.
2676 3015 2679 3018 ›

701 3168 1024 3240 Moribus
1077 3174 1152 3239 et
1205 3167 1484 3238 caelum
1537 3165 1821 3260 patuit:
1895 3165 2033 3237 sim
2084 3165 2309 3260 digna
2360 3165 2726 3251 merendO,

801 3284 1003 3356 cuius
1054 3283 1433 3354 honoratis
1486 3307 1648 3353 ossa
1702 3281 2068 3376 vehantur
2120 3281 2344 3375 equis.

2924 663 2989 712 85

2923 2241 2992 2290 95

2891 2988 2991 3036 100

3276 740 3291 1001 *Ἥ
